%YAML 1.1
%TAG !u! tag:unity3d.com,2011:
--- !u!1 &3542781002700027407
GameObject:
  m_ObjectHideFlags: 0
  m_CorrespondingSourceObject: {fileID: 0}
  m_PrefabInstance: {fileID: 0}
  m_PrefabAsset: {fileID: 0}
  serializedVersion: 6
  m_Component:
  - component: {fileID: 4206832787700821173}
  - component: {fileID: 994864186738647824}
  - component: {fileID: 3038382723136772058}
  - component: {fileID: 4924785194304362856}
  - component: {fileID: 7451382940542558930}
  - component: {fileID: 5785143980027366792}
  - component: {fileID: 2469641753326907391}
  - component: {fileID: 1329859411383417565}
  - component: {fileID: 5449334486460155205}
  m_Layer: 0
  m_Name: cheeze
  m_TagString: InstantedFood
  m_Icon: {fileID: 0}
  m_NavMeshLayer: 0
  m_StaticEditorFlags: 0
  m_IsActive: 1
--- !u!4 &4206832787700821173
Transform:
  m_ObjectHideFlags: 0
  m_CorrespondingSourceObject: {fileID: 0}
  m_PrefabInstance: {fileID: 0}
  m_PrefabAsset: {fileID: 0}
  m_GameObject: {fileID: 3542781002700027407}
  m_LocalRotation: {x: 0, y: 0.7069834, z: 0.7072302, w: 0}
  m_LocalPosition: {x: 0.05000192, y: -0.5974364, z: -0.0017094775}
  m_LocalScale: {x: -4.192151, y: -4.192108, z: -0.4056622}
  m_Children: []
  m_Father: {fileID: 0}
  m_RootOrder: 0
  m_LocalEulerAnglesHint: {x: -89.98, y: 0, z: 180}
--- !u!33 &994864186738647824
MeshFilter:
  m_ObjectHideFlags: 0
  m_CorrespondingSourceObject: {fileID: 0}
  m_PrefabInstance: {fileID: 0}
  m_PrefabAsset: {fileID: 0}
  m_GameObject: {fileID: 3542781002700027407}
  m_Mesh: {fileID: 3163171260390484736, guid: aabc12788e3944c4db1c4a63ecc8e215, type: 3}
--- !u!23 &3038382723136772058
MeshRenderer:
  m_ObjectHideFlags: 0
  m_CorrespondingSourceObject: {fileID: 0}
  m_PrefabInstance: {fileID: 0}
  m_PrefabAsset: {fileID: 0}
  m_GameObject: {fileID: 3542781002700027407}
  m_Enabled: 1
  m_CastShadows: 1
  m_ReceiveShadows: 1
  m_DynamicOccludee: 1
  m_MotionVectors: 1
  m_LightProbeUsage: 1
  m_ReflectionProbeUsage: 1
  m_RayTracingMode: 2
  m_RayTraceProcedural: 0
  m_RenderingLayerMask: 1
  m_RendererPriority: 0
  m_Materials:
  - {fileID: -6478536213147159724, guid: aabc12788e3944c4db1c4a63ecc8e215, type: 3}
  m_StaticBatchInfo:
    firstSubMesh: 0
    subMeshCount: 0
  m_StaticBatchRoot: {fileID: 0}
  m_ProbeAnchor: {fileID: 0}
  m_LightProbeVolumeOverride: {fileID: 0}
  m_ScaleInLightmap: 1
  m_ReceiveGI: 1
  m_PreserveUVs: 0
  m_IgnoreNormalsForChartDetection: 0
  m_ImportantGI: 0
  m_StitchLightmapSeams: 1
  m_SelectedEditorRenderState: 3
  m_MinimumChartSize: 4
  m_AutoUVMaxDistance: 0.5
  m_AutoUVMaxAngle: 89
  m_LightmapParameters: {fileID: 0}
  m_SortingLayerID: 0
  m_SortingLayer: 0
  m_SortingOrder: 0
  m_AdditionalVertexStreams: {fileID: 0}
--- !u!54 &4924785194304362856
Rigidbody:
  m_ObjectHideFlags: 0
  m_CorrespondingSourceObject: {fileID: 0}
  m_PrefabInstance: {fileID: 0}
  m_PrefabAsset: {fileID: 0}
  m_GameObject: {fileID: 3542781002700027407}
  serializedVersion: 2
  m_Mass: 1
  m_Drag: 0
  m_AngularDrag: 0.05
  m_UseGravity: 1
  m_IsKinematic: 0
  m_Interpolate: 0
  m_Constraints: 10
  m_CollisionDetection: 0
--- !u!114 &7451382940542558930
MonoBehaviour:
  m_ObjectHideFlags: 0
  m_CorrespondingSourceObject: {fileID: 0}
  m_PrefabInstance: {fileID: 0}
  m_PrefabAsset: {fileID: 0}
  m_GameObject: {fileID: 3542781002700027407}
  m_Enabled: 1
  m_EditorHideFlags: 0
  m_Script: {fileID: 11500000, guid: aa584fbee541324448dd18d8409c7a41, type: 3}
  m_Name: 
  m_EditorClassIdentifier: 
  ObservedComponentsFoldoutOpen: 1
  Group: 0
  prefixField: -1
  Synchronization: 3
  OwnershipTransfer: 0
  observableSearch: 2
  ObservedComponents:
  - {fileID: 5785143980027366792}
  - {fileID: 2469641753326907391}
  sceneViewId: 0
  InstantiationId: 0
  isRuntimeInstantiated: 0
--- !u!114 &5785143980027366792
MonoBehaviour:
  m_ObjectHideFlags: 0
  m_CorrespondingSourceObject: {fileID: 0}
  m_PrefabInstance: {fileID: 0}
  m_PrefabAsset: {fileID: 0}
  m_GameObject: {fileID: 3542781002700027407}
  m_Enabled: 1
  m_EditorHideFlags: 0
  m_Script: {fileID: 11500000, guid: 627855c7f81362d41938ffe0b1475957, type: 3}
  m_Name: 
  m_EditorClassIdentifier: 
  m_SynchronizePosition: 1
  m_SynchronizeRotation: 1
  m_SynchronizeScale: 1
  m_UseLocal: 1
--- !u!114 &2469641753326907391
MonoBehaviour:
  m_ObjectHideFlags: 0
  m_CorrespondingSourceObject: {fileID: 0}
  m_PrefabInstance: {fileID: 0}
  m_PrefabAsset: {fileID: 0}
  m_GameObject: {fileID: 3542781002700027407}
  m_Enabled: 1
  m_EditorHideFlags: 0
  m_Script: {fileID: 11500000, guid: 64179f3720bbfe947b7724caa67b7c1d, type: 3}
  m_Name: 
  m_EditorClassIdentifier: 
  m_SynchronizeVelocity: 1
  m_SynchronizeAngularVelocity: 0
  m_TeleportEnabled: 0
  m_TeleportIfDistanceGreaterThan: 3
--- !u!114 &1329859411383417565
MonoBehaviour:
  m_ObjectHideFlags: 0
  m_CorrespondingSourceObject: {fileID: 0}
  m_PrefabInstance: {fileID: 0}
  m_PrefabAsset: {fileID: 0}
  m_GameObject: {fileID: 3542781002700027407}
  m_Enabled: 1
  m_EditorHideFlags: 0
  m_Script: {fileID: 11500000, guid: 33fdeb7627beeec4eb4fe022929bc9ee, type: 3}
  m_Name: 
  m_EditorClassIdentifier: 
  foodType: 1
  foodIcon: {fileID: 21300000, guid: a5dcf6f3ddc260647a9b5d85b7766349, type: 3}
  foodName: cheese
--- !u!64 &5449334486460155205
MeshCollider:
  m_ObjectHideFlags: 0
  m_CorrespondingSourceObject: {fileID: 0}
  m_PrefabInstance: {fileID: 0}
  m_PrefabAsset: {fileID: 0}
  m_GameObject: {fileID: 3542781002700027407}
  m_Material: {fileID: 0}
  m_IsTrigger: 0
  m_Enabled: 1
  serializedVersion: 4
  m_Convex: 1
  m_CookingOptions: 30
  m_Mesh: {fileID: 3163171260390484736, guid: aabc12788e3944c4db1c4a63ecc8e215, type: 3}
